@article{abd2023,
 author = {Abd-Alhamid, Fedaa and Kent, Michael and Wu, Yupeng},
 doi = {10.1016/j.buildenv.2022.109742},
 journal = {Building and Environment},
 pages = {109742},
 publisher = {Elsevier},
 title = {Quantifying window view quality: A review on view perception assessment and representation methods},
 volume = {227},
 year = {2023}
}

@article{abdelrahman2023,
 author = {Abdelrahman, Mohamed and Coates, Paul and Poppelreuter, Tanja},
 doi = {10.1016/j.jobe.2023.108049},
 journal = {Journal of Building Engineering},
 pages = {108049},
 publisher = {Elsevier},
 title = {Visible outside view as a facilitation tool to evaluate view quality and shading systems through building openings},
 volume = {80},
 year = {2023}
}

@article{alberti2017,
 author = {Alberti, Gianmarco},
 doi = {10.17128/9781589483651\_15.1},
 journal = {Retrieved from},
 title = {Fuzzy viewshed ArcGIS toolbox},
 year = {2017}
}

@inproceedings{alkhalili2018,
  author = {Alkhalili, Noor and Kesik, Ted and O'Brien, William and Peters, Terri},
  booktitle = {Proceedings of the 7th International Building Physics Conference (IBPC 2018)},
  doi = {10.14305/ibpc.2018.hf-4.02},
  title = {Developing and testing visual privacy metrics},
  year = {2018},
  address = {Syracuse, NY},
  pages = {703--708},
  note = {Start Date: 26-9-2018 10:30 AM, End Date: 26-9-2018 12:00 PM}
}

@article{Altomonte2013,
 author = {Sergio Altomonte and Stefano Schiavon},
 doi = {https://doi.org/10.1016/j.buildenv.2013.06.008},
 issn = {0360-1323},
 journal = {Building and Environment},
 pages = {66-76},
 title = {Occupant satisfaction in LEED and non-LEED certified buildings},
 volume = {68},
 year = {2013}
}

@article{arman2021,
 author = {Arman, Nur Syafiqaz Nor and Chen, Ruey Shan and Ahmad, Sahrim},
 doi = {10.1016/j.conbuildmat.2021.124174},
 journal = {Construction and Building Materials},
 pages = {124174},
 publisher = {Elsevier},
 title = {Review of state-of-the-art studies on the water absorption capacity of agricultural fiber-reinforced polymer composites for sustainable construction},
 volume = {302},
 year = {2021}
}

@article{askarizad2020,
 author = {Askarizad, Reza and Safari, Hossein},
 doi = {10.1016/j.cities.2020.102687},
 journal = {Cities},
 pages = {102687},
 publisher = {Elsevier},
 title = {The influence of social interactions on the behavioral patterns of the people in urban spaces (case study: The pedestrian zone of Rasht Municipality Square, Iran)},
 volume = {101},
 year = {2020}
}

@article{bahdad2021,
 author = {Bahdad, Ali Ahmed Salem and Fadzil, Sharifah Fairuz Syed and Onubi, Hilary Omatule and BenLasod, Saleh Ahmed},
 doi = {10.1016/j.jobe.2021.102996},
 journal = {Journal of Building Engineering},
 pages = {102996},
 publisher = {Elsevier},
 title = {Sensitivity analysis linked to multi-objective optimization for adjustments of light-shelves design parameters in response to visual comfort and thermal energy performance},
 volume = {44},
 year = {2021}
}

@article{benedikt1979,
 author = {Benedikt, Michael L},
 doi = {10.1068/b060047},
 journal = {Environment and Planning B: Planning and design},
 number = {1},
 pages = {47--65},
 publisher = {Sage Publications Sage UK: London, England},
 title = {To take hold of space: isovists and isovist fields},
 volume = {6},
 year = {1979}
}

@article{biljecki2021,
 author = {Biljecki, Filip and Ito, Koichi},
 doi = {10.1016/j.landurbplan.2021.104217},
 journal = {Landscape and Urban Planning},
 pages = {104217},
 publisher = {Elsevier},
 title = {Street view imagery in urban analytics and GIS: A review},
 volume = {215},
 year = {2021}
}

@article{cavaglia2024,
 author = {Cavagli{\`a}, Matteo and Speroni, Alberto and Blanco Cadena, Juan Diego and Mainini, Andrea Giovanni and Poli, Tiziana},
 journal = {Buildings},
 number = {11},
 pages = {3340},
 publisher = {MDPI},
 title = {Exploring Built Environment Visual Interactions: A SoftBIM Data-Driven Approach for a Database About the Outdoor View},
 volume = {14},
 year = {2024}
}

@article{chen2021,
 author = {Chen, Yuxuan and Chen, Jing},
 doi = {10.1111/tgis.12759},
 journal = {Transactions in GIS},
 number = {4},
 pages = {2010--2028},
 publisher = {Wiley Online Library},
 title = {A parallel multipoint viewshed analysis method for urban 3D building scenes},
 volume = {25},
 year = {2021}
}

@misc{ChicagoZoningCode,
 author = {{City of Chicago Department of Planning and Development}},
 doi = {10.1007/978-3-031-17299-1\_304979},
 note = {Setback and spacing requirements in Chicago's zoning code.},
 title = {Chicago Zoning Ordinance},
 url = {https://www.chicago.gov/city/en/depts/dcd/supp\_info/zoning.html},
 year = {2024}
}

@article{chong2017,
 author = {Chong, Heap-Yih and Lee, Cen-Ying and Wang, Xiangyu},
 doi = {10.1016/j.jclepro.2016.09.222},
 journal = {Journal of cleaner production},
 pages = {4114--4126},
 publisher = {Elsevier},
 title = {A mixed review of the adoption of Building Information Modelling (BIM) for sustainability},
 volume = {142},
 year = {2017}
}

@article{cimburova2022,
 author = {Cimburova, Zofie and Blumentrath, Stefan},
 doi = {10.1016/j.landurbplan.2022.104395},
 journal = {Landscape and Urban Planning},
 pages = {104395},
 publisher = {Elsevier},
 title = {Viewshed-based modelling of visual exposure to urban greenery--An efficient GIS tool for practical planning applications},
 volume = {222},
 year = {2022}
}

@article{day2020,
 author = {Day, Julia K and Ruiz, Shelby and O’Brien, William and Schweiker, Marcel},
 doi = {10.1007/s12053-019-09817-8},
 journal = {Energy Efficiency},
 number = {3},
 pages = {473--486},
 publisher = {Springer},
 title = {Seeing is believing: An innovative approach to post-occupancy evaluation},
 volume = {13},
 year = {2020}
}

@article{debrah2022,
 author = {Debrah, Caleb and Chan, Albert Ping Chuen and Darko, Amos},
 doi = {10.1016/j.buildenv.2021.108443},
 journal = {Building and Environment},
 pages = {108443},
 publisher = {Elsevier},
 title = {Green finance gap in green buildings: A scoping review and future research needs},
 volume = {207},
 year = {2022}
}

@article{elbatran2021,
 author = {ElBatran, Raghda M and Ismaeel, Walaa SE},
 doi = {10.1016/j.asej.2021.02.014},
 journal = {Ain Shams Engineering Journal},
 number = {3},
 pages = {3275--3284},
 publisher = {Elsevier},
 title = {Applying a parametric design approach for optimizing daylighting and visual comfort in office buildings},
 volume = {12},
 year = {2021}
}

@article{elgadra2023,
 author = {Elgadra, I and Fotios, S},
 doi = {10.1177/14771535221143973},
 journal = {Lighting Research \& Technology},
 number = {4-5},
 pages = {447--458},
 publisher = {SAGE Publications Sage UK: London, England},
 title = {Examining female visual privacy as a function of window treatments},
 volume = {55},
 year = {2023}
}

@article{faraji2023,
 author = {Faraji, Amir and Rashidi, Maria and Rezaei, Fatemeh and Rahnamayiezekavat, Payam},
 doi = {10.3390/su15054303},
 journal = {Sustainability},
 number = {5},
 pages = {4303},
 publisher = {MDPI},
 title = {A Meta-Synthesis Review of Occupant Comfort Assessment in Buildings (2002--2022)},
 volume = {15},
 year = {2023}
}

@article{fisher1992,
 author = {Fisher, Peter F},
 doi = {10.1201/9781420006377.ch10},
 journal = {Photogrammetric engineering and remote sensing},
 pages = {345--345},
 publisher = {ASPRS AMERICAN SOCIETY FOR PHOTOGRAMMETRY AND},
 title = {First experiments in viewshed uncertainty: simulating fuzzy viewsheds},
 volume = {58},
 year = {1992}
}

@incollection{fisher1994,
 author = {Fisher, Peter},
 booktitle = {Innovations in GIS},
 doi = {10.1201/9781003572800-15},
 pages = {169--184},
 publisher = {CRC Press},
 title = {Probable and fuzzy models of the viewshed operation},
 year = {1994}
}

@article{fisher2024,
 author = {Fisher, Peter F},
 doi = {10.1201/9781003572800-15},
 journal = {Innovations In GIS},
 pages = {161},
 publisher = {CRC Press},
 title = {Probable and fuzzy models of the viewshed},
 year = {2024}
}

@article{gago2015,
 author = {Gago, EJ and Muneer, Tariq and Knez, M and K{\"o}ster, H},
 doi = {10.1016/j.rser.2014.08.002},
 journal = {Renewable and Sustainable Energy Reviews},
 pages = {1--13},
 publisher = {Elsevier},
 title = {Natural light controls and guides in buildings. Energy saving for electrical lighting, reduction of cooling load},
 volume = {41},
 year = {2015}
}

@incollection{gillings2020,
 author = {Gillings, Mark and Wheatley, David},
 booktitle = {Archaeological Spatial Analysis},
 doi = {10.4324/9781351243858-17},
 pages = {313--332},
 publisher = {Routledge},
 title = {GIS-based visibility analysis},
 year = {2020}
}

@article{Guo2021,
 author = {Xingtong Guo and Kyumin Lee and Zhe Wang and Shichao Liu},
 doi = {https://doi.org/10.1016/j.buildenv.2021.108288},
 issn = {0360-1323},
 journal = {Building and Environment},
 pages = {108288},
 title = {Occupants’ satisfaction with LEED- and non-LEED-certified apartments using social media data},
 url = {https://www.sciencedirect.com/science/article/pii/S0360132321006879},
 volume = {206},
 year = {2021}
}

@article{guo2023,
 author = {Guo, Yang and Lai, Dongchi and Hu, Xijun},
 doi = {10.3390/su15097059},
 journal = {Sustainability},
 number = {9},
 pages = {7059},
 publisher = {MDPI},
 title = {Measuring River-View Visibilities of Individual Dwellings for Planning of Compact Urban Riverside Neighborhood Blocks},
 volume = {15},
 year = {2023}
}

@article{hariram2023,
 author = {Hariram, NP and Mekha, KB and Suganthan, Vipinraj and Sudhakar, K},
 doi = {10.3390/su151310682},
 journal = {Sustainability},
 number = {13},
 pages = {10682},
 publisher = {MDPI},
 title = {Sustainalism: An integrated socio-economic-environmental model to address sustainable development and sustainability},
 volume = {15},
 year = {2023}
}

@article{hossain2020,
 author = {Hossain, Md Uzzal and Ng, S Thomas and Antwi-Afari, Prince and Amor, Ben},
 doi = {10.1016/j.rser.2020.109948},
 journal = {Renewable and Sustainable Energy Reviews},
 pages = {109948},
 publisher = {Elsevier},
 title = {Circular economy and the construction industry: Existing trends, challenges and prospective framework for sustainable construction},
 volume = {130},
 year = {2020}
}

@article{hosseini2022,
 author = {Hosseini Alamdari, Arash and Daneshjoo, Khosro and Yeganeh, Mansour},
 doi = {10.1177/23998083221083680},
 journal = {Environment and Planning B: Urban Analytics and City Science},
 number = {9},
 pages = {2331--2344},
 publisher = {SAGE Publications Sage UK: London, England},
 title = {New algorithms for generating isovist field and isovist measurements},
 volume = {49},
 year = {2022}
}

@article{inglis2022,
 author = {Inglis, Nicole C and Vukomanovic, Jelena and Costanza, Jennifer and Singh, Kunwar K},
 doi = {10.1016/j.landurbplan.2022.104424},
 journal = {Landscape and Urban Planning},
 pages = {104424},
 publisher = {Elsevier},
 title = {From viewsheds to viewscapes: Trends in landscape visibility and visual quality research},
 volume = {224},
 year = {2022}
}

@article{kent2020,
 author = {Kent, Michael and Schiavon, Stefano},
 doi = {10.1016/j.buildenv.2020.107160},
 journal = {Building and Environment},
 pages = {107160},
 publisher = {Elsevier},
 title = {Evaluation of the effect of landscape distance seen in window views on visual satisfaction},
 volume = {183},
 year = {2020}
}

@article{kent2020evaluation,
 author = {Kent, Michael and Schiavon, Stefano},
 doi = {10.1016/j.buildenv.2020.107160},
 journal = {Building and Environment},
 pages = {107160},
 publisher = {Elsevier},
 title = {Evaluation of the effect of landscape distance seen in window views on visual satisfaction},
 volume = {183},
 year = {2020}
}

@article{khaleel2023,
 author = {Khaleel, Mai Hassan Gomaa and Assem, Ayman Mohamed},
 doi = {10.21608/ijaeur.2024.234655.1048},
 journal = {International Journal of Architectural Engineering and Urban Research},
 number = {2},
 pages = {220--247},
 publisher = {El Minya Higher Institute of Engineering \& Technology},
 title = {The Utilization of Algorithms in the Evaluation of Space Layout Planning in Inpatient Departments},
 volume = {6},
 year = {2023}
}

@article{khani2022,
 author = {Khani, Ali and Khakzand, Mehdi and Faizi, Mohsen},
 doi = {10.1016/j.seta.2022.102872},
 journal = {Sustainable Energy Technologies and Assessments},
 pages = {102872},
 publisher = {Elsevier},
 title = {Multi-objective optimization for energy consumption, visual and thermal comfort performance of educational building (case study: Qeshm Island, Iran)},
 volume = {54},
 year = {2022}
}

@article{kim2013,
 author = {Kim, Jungsoo and de Dear, Richard and Candido, Christhina and Zhang, Hui and Arens, Edward},
 doi = {10.1016/j.buildenv.2013.08.022},
 journal = {Building and environment},
 pages = {245--256},
 publisher = {Elsevier},
 title = {Gender differences in office occupant perception of indoor environmental quality (IEQ)},
 volume = {70},
 year = {2013}
}

@article{Kodmany1999,
 author = {Kheir Al‐Kodmany},
 doi = {10.1080/13574809908724452},
 journal = {Journal of Urban Design},
 number = {3},
 pages = {283--311},
 publisher = {Routledge},
 title = {Residential visual privacy: Traditional and modern architecture and urban design},
 volume = {4},
 year = {1999}
}

@article{krukar2021,
 author = {Krukar, Jakub and Manivannan, Charu and Bhatt, Mehul and Schultz, Carl},
 doi = {10.1177/2399808320974533},
 journal = {Environment and Planning B: Urban Analytics and City Science},
 number = {8},
 pages = {2307--2325},
 publisher = {Sage Publications Sage UK: London, England},
 title = {Embodied 3D isovists: A method to model the visual perception of space},
 volume = {48},
 year = {2021}
}

@article{kwong2020,
 author = {Kwong, Qi Jie},
 doi = {10.1016/j.jobe.2020.101198},
 journal = {Journal of Building Engineering},
 pages = {101198},
 publisher = {Elsevier},
 title = {Light level, visual comfort and lighting energy savings potential in a green-certified high-rise building},
 volume = {29},
 year = {2020}
}

@article{lima2021,
 author = {Lima, Luanda and Trindade, Emanuelly and Alencar, Luciana and Alencar, Marcelo and Silva, Luna},
 doi = {10.1016/j.jclepro.2020.125730},
 journal = {Journal of Cleaner Production},
 pages = {125730},
 publisher = {Elsevier},
 title = {Sustainability in the construction industry: A systematic review of the literature},
 volume = {289},
 year = {2021}
}

@article{lis2021,
 author = {Lis, Aleksandra and Iwankowski, Pawe{\l}},
 doi = {10.1016/j.jenvp.2020.101532},
 journal = {Journal of Environmental Psychology},
 pages = {101532},
 publisher = {Elsevier},
 title = {Where do we want to see other people while relaxing in a city park? Visual relationships with park users and their impact on preferences, safety and privacy},
 volume = {73},
 year = {2021}
}

@article{liu2015,
 author = {Liu, Sha and Meng, Xianhai and Tam, Chiming},
 doi = {10.1016/j.enbuild.2015.06.037},
 journal = {Energy and buildings},
 pages = {139--153},
 publisher = {Elsevier},
 title = {Building information modeling based building design optimization for sustainability},
 volume = {105},
 year = {2015}
}

@article{llatas2020,
 author = {Llatas, Carmen and Soust-Verdaguer, Bernardette and Passer, Alexander},
 doi = {10.1016/j.buildenv.2020.107164},
 journal = {Building and Environment},
 pages = {107164},
 publisher = {Elsevier},
 title = {Implementing Life Cycle Sustainability Assessment during design stages in Building Information Modelling: From systematic literature review to a methodological approach},
 volume = {182},
 year = {2020}
}

@misc{LondonGuidelines,
 author = {{London Borough Council}},
 doi = {10.4324/9780203360958-20},
 note = {Typical guidelines for residential building separation in London Boroughs.},
 title = {London Borough Residential Design Guidelines},
 url = {https://www.london.gov.uk/what-we-do/planning},
 year = {2024}
}

@article{lotfabadi2023,
 author = {Lotfabadi, Pooya and Han{\c{c}}er, Polat},
 doi = {10.1016/j.jobe.2023.106598},
 journal = {Journal of Building Engineering},
 pages = {106598},
 publisher = {Elsevier},
 title = {Optimization of visual comfort: Building openings},
 volume = {72},
 year = {2023}
}

@article{lu2017,
 author = {Lu, Yujie and Wu, Zhilei and Chang, Ruidong and Li, Yongkui},
 doi = {10.1016/j.autcon.2017.08.024},
 journal = {Automation in Construction},
 pages = {134--148},
 publisher = {Elsevier},
 title = {Building Information Modeling (BIM) for green buildings: A critical review and future directions},
 volume = {83},
 year = {2017}
}

@misc{ManchesterGuidelines,
 author = {{Manchester City Council}},
 doi = {10.1017/s0956618x00002544},
 note = {Guidelines for minimum separation distances in residential developments in Manchester.},
 title = {Manchester Residential Quality Guide},
 url = {https://www.manchester.gov.uk/info/200074/planning/6268/planning\_guidance},
 year = {2024}
}

@article{mansor2020,
 author = {Mansor, Razlin and Sheau-Ting, Low},
 doi = {10.1016/j.buildenv.2020.107364},
 journal = {Building and environment},
 pages = {107364},
 publisher = {Elsevier},
 title = {Criteria for occupant well-being: A qualitative study of Malaysian office buildings},
 volume = {186},
 year = {2020}
}

@article{mensah2019,
 author = {Mensah, Justice},
 doi = {10.1080/23311886.2019.1653531},
 journal = {Cogent social sciences},
 number = {1},
 pages = {1653531},
 publisher = {Taylor \& Francis},
 title = {Sustainable development: Meaning, history, principles, pillars, and implications for human action: Literature review},
 volume = {5},
 year = {2019}
}

@article{misthos2019,
 author = {Misthos, Loukas-Moysis and Nakos, Byron and Krassanakis, Vassilios and Menegaki, Maria},
 doi = {10.1080/23729333.2018.1477569},
 journal = {International Journal of Cartography},
 number = {1},
 pages = {44--66},
 publisher = {Taylor \& Francis},
 title = {The effect of topography and elevation on viewsheds in mountain landscapes using geovisualization},
 volume = {5},
 year = {2019}
}

@article{morello2009,
 author = {Morello, Eugenio and Ratti, Carlo},
 doi = {10.1068/b34144t},
 journal = {Environment and Planning B: Planning and design},
 number = {5},
 pages = {837--853},
 publisher = {SAGE Publications Sage UK: London, England},
 title = {A digital image of the city: 3D isovists in Lynch's urban analysis},
 volume = {36},
 year = {2009}
}

@article{mousavi2023,
 author = {Mousavi, SeyedehNiloufar and Villarreal-Marroqu{\'\i}n, Mar{\'\i}a Guadalupe and Hajiaghaei-Keshteli, Mostafa and Smith, Neale R},
 doi = {10.1016/j.buildenv.2023.110578},
 journal = {Building and Environment},
 pages = {110578},
 publisher = {Elsevier},
 title = {Data-driven prediction and optimization toward net-zero and positive-energy buildings: A systematic review},
 volume = {242},
 year = {2023}
}

@article{negash2021,
 author = {Negash, Yeneneh Tamirat and Hassan, Abdiqani Muse and Tseng, Ming-Lang and Wu, Kuo-Jui and Ali, Mohd Helmi},
 doi = {10.1016/j.jclepro.2021.126717},
 journal = {Journal of Cleaner Production},
 pages = {126717},
 publisher = {Elsevier},
 title = {Sustainable construction and demolition waste management in Somaliland: Regulatory barriers lead to technical and environmental barriers},
 volume = {297},
 year = {2021}
}

@misc{NSWApartmentDesign,
 author = {{New South Wales Government}},
 doi = {10.1177/0013916581136002},
 note = {Guidelines for separation distances based on building height in New South Wales.},
 title = {Apartment Design Guide - NSW},
 url = {https://www.planning.nsw.gov.au/Policy-and-Legislation/Housing/Apartment-Design-Guide},
 year = {2024}
}

@misc{NYCZoning,
 author = {{New York City Department of City Planning}},
 doi = {10.4324/9781003419006},
 note = {Zoning regulations including setbacks and separation distances in New York City.},
 title = {New York City Zoning Handbook},
 url = {https://www1.nyc.gov/site/planning/zoning/zoning.page},
 year = {2024}
}

@article{olanrewaju2022,
 author = {Olanrewaju, Oludolapo Ibrahim and Kineber, Ahmed Farouk and Chileshe, Nicholas and Edwards, David John},
 doi = {10.1016/j.buildenv.2021.108556},
 journal = {Building and Environment},
 pages = {108556},
 publisher = {Elsevier},
 title = {Modelling the relationship between Building Information Modelling (BIM) implementation barriers, usage and awareness on building project lifecycle},
 volume = {207},
 year = {2022}
}

@article{Oniango2018,
 author = {Ruth Oniang'o},
 doi = {10.18356/a0f43dcb-en-fr},
 journal = {World Social Report},
 title = {Sustainable Development Goals},
 year = {2018}
}

@inproceedings{othman2019,
 author = {Othman, F and Yusoff, Z Mohd and Rasam, AR Abdul},
 booktitle = {IOP Conference Series: Earth and Environmental Science},
 doi = {10.1088/1755-1315/385/1/012024},
 number = {1},
 organization = {IOP Publishing},
 pages = {012024},
 title = {Isovist and Visibility Graph Analysis (VGA): Strategies to evaluate visibility along movement pattern for safe space},
 volume = {385},
 year = {2019}
}

@article{parent2023,
 author = {Parent, Jason R and Lei-Parent, Qian},
 doi = {10.1016/j.apgeog.2023.102942},
 journal = {Applied geography},
 pages = {102942},
 publisher = {Elsevier},
 title = {Rapid viewshed analyses: A case study with visibilities limited by trees and buildings},
 volume = {154},
 year = {2023}
}

@article{peng2024,
 author = {Peng, Yu-Ling and Li, Yuan and Cheng, Wei-Ying and Wang, Ke},
 doi = {10.3390/su16031256},
 journal = {Sustainability},
 number = {3},
 pages = {1256},
 publisher = {MDPI},
 title = {Evaluation and Optimization of Sense of Security during the Day and Night in Campus Public Spaces Based on Physical Environment and Psychological Perception},
 volume = {16},
 year = {2024}
}

@article{rahim2015,
 author = {Rahim, Zaiton Abdul},
 doi = {10.1016/j.sbspro.2015.01.055},
 journal = {Procedia-Social and Behavioral Sciences},
 pages = {537--544},
 publisher = {Elsevier},
 title = {The influence of culture and religion on visual privacy},
 volume = {170},
 year = {2015}
}

@article{Schiavon2014,
 author = {Stefano Schiavon and Sergio Altomonte},
 doi = {https://doi.org/10.1016/j.buildenv.2014.03.028},
 issn = {0360-1323},
 journal = {Building and Environment},
 pages = {148-159},
 title = {Influence of factors unrelated to environmental quality on occupant satisfaction in LEED and non-LEED certified buildings},
 volume = {77},
 year = {2014}
}

@book{shepard2005,
 author = {Shepard, Richard B},
 doi = {10.1007/0-387-28098-7},
 publisher = {Springer},
 title = {Quantifying environmental impact assessments using fuzzy logic},
 year = {2005}
}

@article{snopkova2023,
 author = {Snopkov{\'a}, Dajana and De Cock, Laure and Ju{\v{r}}{\'\i}k, Vojt{\v{e}}ch and Kvarda, Ond{\v{r}}ej and Tanco{\v{s}}, Martin and Herman, Luk{\'a}{\v{s}} and Kub{\'\i}{\v{c}}ek, Petr},
 doi = {10.1038/s41598-023-29944-8},
 journal = {Scientific Reports},
 number = {1},
 pages = {2970},
 publisher = {Nature Publishing Group UK London},
 title = {Isovists compactness and stairs as predictors of evacuation route choice},
 volume = {13},
 year = {2023}
}

@article{stein2022,
 author = {Stein, Rachel M and Lecigne, Bastien and Eitel, Jan UH and Johnson, Timothy R and McGowan, Craig and Rachlow, Janet L},
 doi = {10.3389/fevo.2022.911051},
 journal = {Frontiers in Ecology and Evolution},
 pages = {911051},
 publisher = {Frontiers Media SA},
 title = {Vegetation and vantage point influence visibility across diverse ecosystems: Implications for animal ecology},
 volume = {10},
 year = {2022}
}

@article{suleiman2013,
 author = {Suleiman, Wassim and Joliveau, Thierry and Favier, Eric},
 doi = {10.1007/978-3-642-32316-4\_11},
 journal = {Advances in Spatial Data Handling: Geospatial Dynamics, Geosimulation and Exploratory Visualization},
 pages = {157--173},
 publisher = {Springer},
 title = {A new algorithm for 3D isovists},
 year = {2013}
}

@misc{TorontoTallBuildings,
 author = {{City of Toronto}},
 doi = {10.1680/978-1-83549-560-520241005},
 note = {Separation distance recommendations for tall buildings in Toronto.},
 title = {Tall Building Design Guidelines},
 url = {https://www.toronto.ca/legdocs/mmis/2016/te/bgrd/backgroundfile-94933.pdf},
 year = {2016}
}

@article{turner2001,
 author = {Turner, Alasdair and Doxa, Maria and O'sullivan, David and Penn, Alan},
 doi = {10.1068/b2684},
 journal = {Environment and Planning B: Planning and design},
 number = {1},
 pages = {103--121},
 publisher = {Sage Publications Sage UK: London, England},
 title = {From isovists to visibility graphs: a methodology for the analysis of architectural space},
 volume = {28},
 year = {2001}
}

@article{wu2023,
 author = {Wu, Zhiqiang and Wang, Yuankai and Gan, Wei and Zou, Yixuan and Dong, Wen and Zhou, Shiqi and Wang, Mo},
 doi = {10.3390/ijerph20031788},
 journal = {International Journal of Environmental Research and Public Health},
 number = {3},
 pages = {1788},
 publisher = {MDPI},
 title = {A survey of the landscape visibility analysis tools and technical improvements},
 volume = {20},
 year = {2023}
}

@article{yildiz2020,
 author = {Y{\i}ld{\i}z, Serkan and K{\i}vrak, Serkan and G{\"u}ltekin, Arzuhan Burcu and Arslan, G{\"o}khan},
 doi = {10.1016/j.scs.2020.102173},
 journal = {Sustainable Cities and Society},
 pages = {102173},
 publisher = {Elsevier},
 title = {Built environment design-social sustainability relation in urban renewal},
 volume = {60},
 year = {2020}
}

@article{zadeh1996,
 author = {Zadeh, Lotfi A},
 doi = {10.1109/91.493904},
 journal = {IEEE transactions on fuzzy systems},
 number = {2},
 pages = {103--111},
 publisher = {IEEE},
 title = {Fuzzy logic= computing with words},
 volume = {4},
 year = {1996}
}

@article{zadeh2015,
 author = {Zadeh, Lotfi A},
 doi = {10.1016/j.fss.2015.05.009},
 journal = {Fuzzy sets and systems},
 pages = {4--20},
 publisher = {Elsevier},
 title = {Fuzzy logic—a personal perspective},
 volume = {281},
 year = {2015}
}

@article{zheng2021,
 author = {Zheng, He and Wu, Bo and Wei, Heyi and Yan, Jinbiao and Zhu, Jianfeng},
 doi = {10.3390/buildings11070272},
 journal = {Buildings},
 number = {7},
 pages = {272},
 publisher = {MDPI},
 title = {A quantitative method for evaluation of visual privacy in residential environments},
 volume = {11},
 year = {2021}
}

@article{Churchman1999,
  author  = {Arza Churchman},
  title   = {Disentangling the Concept of Density},
  journal = {Journal of Planning Literature},
  year    = {1999},
  volume  = {13},
  number  = {4},
  pages   = {389--411},
  doi     = {10.1177/08854129922092478}
}

@article{ShachPinsly2007,
  author  = {Dalit Shach-Pinsly and Dafna Fisher-Gewirtzman and Michael Burt},
  title   = {‘Visual exposure’ analysis model: A comparative evaluation of three case studies},
  journal = {Urban Design International},
  year    = {2007},
  volume  = {12},
  pages   = {155--168},
  doi     = {10.1057/palgrave.udi.9000204}
}

@article{ShachPinsly2011,
  author  = {Dalit Shach-Pinsly and Dafna Fisher-Gewirtzman and Michael Burt},
  title   = {Visual Exposure and Visual Openness: An Integrated Approach and Comparative Evaluation},
  journal = {Journal of Urban Design},
  year    = {2011},
  volume  = {16},
  number  = {2},
  pages   = {197--220},
  doi     = {10.1080/13574809.2011.548979}
}

@article{FisherGewirtzman2003a,
  author  = {Dafna Fisher-Gewirtzman and Izchak Wagner},
  title   = {Spatial Openness as a Practical Metric for Evaluating Built-up Environments},
  journal = {Environment and Planning B: Planning and Design},
  year    = {2003},
  volume  = {30},
  pages   = {37--49},
  doi     = {10.1068/b12861}
}

@article{FisherGewirtzman2003b,
  author  = {Dafna Fisher-Gewirtzman and Michael Burt and Yigal Tzamir},
  title   = {A 3-D Visual Method for Comparative Evaluation of Dense Built-up Environments},
  journal = {Environment and Planning B: Planning and Design},
  year    = {2003},
  volume  = {30},
  number  = {4},
  pages   = {575--587},
  doi     = {10.1068/b2941}
}

@article{FisherGewirtzman2017,
  author  = {Dafna Fisher-Gewirtzman},
  title   = {The association between perceived density in minimum apartments and spatial openness index: three-dimensional visual analysis},
  journal = {Environment and Planning B: Urban Analytics and City Science},
  year    = {2017},
  volume  = {44},
  number  = {4},
  pages   = {764--795},
  doi     = {10.1177/0265813516657828}
}

@article{FisherGewirtzman2018,
  author  = {Dafna Fisher-Gewirtzman},
  title   = {Integrating weighted views to quantitative 3D visibility analysis as a predictive tool for perception of space},
  journal = {Environment and Planning B: Urban Analytics and City Science},
  year    = {2018},
  volume  = {45},
  number  = {2},
  pages   = {345--366},
  doi     = {10.1177/0265813516676486}
}

@article{Zheng2023_IPVEI,
  author  = {Hao Zheng and others},
  title   = {Refining the Potential Visual Exposure Index for the Assessment of Residential Visual Privacy: A Three-Dimensional Study},
  journal = {Journal of Asian Architecture and Building Engineering},
  year    = {2023},
  volume  = {22},
  number  = {5},
  pages   = {1635--1649},
  doi     = {10.1080/13467581.2022.2085724}
}

@article{AbdAlhamid2023Review,
  author  = {F. Abd-Alhamid and others},
  title   = {Quantifying window view quality: A review on metrics, methods, and research trends},
  journal = {Building and Environment},
  year    = {2023},
  volume  = {225},
  pages   = {109757},
  doi     = {10.1016/j.buildenv.2022.109757}
}
